<record><leader>00000cas a22000007a 4500</leader><controlfield tag="001">23828949</controlfield><controlfield tag="008">910524d19131934aruwr ne      0    0eng d</controlfield><datafield ind1=" " ind2=" " tag="010"><subfield code="a">sn 91050066 </subfield></datafield><datafield ind1=" " ind2=" " tag="040"><subfield code="a">ANU</subfield><subfield code="b">eng</subfield><subfield code="c">ANU</subfield><subfield code="d">OCLCQ</subfield><subfield code="d">OCLCF</subfield><subfield code="d">OCLCO</subfield></datafield><datafield ind1="1" ind2=" " tag="029"><subfield code="a">AU@</subfield><subfield code="b">000025856575</subfield></datafield><datafield ind1=" " ind2=" " tag="042"><subfield code="a">msc</subfield></datafield><datafield ind1=" " ind2=" " tag="043"><subfield code="a">n-us-ar</subfield></datafield><datafield ind1="0" ind2="0" tag="245"><subfield code="a">Jonesboro weekly sun.</subfield></datafield><datafield ind1="1" ind2="3" tag="246"><subfield code="a">Craighead County sun</subfield><subfield code="f">Apr. 23-June 4, 1913</subfield></datafield><datafield ind1=" " ind2=" " tag="260"><subfield code="a">Jonesboro, Ark. :</subfield><subfield code="b">W.O. Troutt</subfield></datafield><datafield ind1=" " ind2=" " tag="300"><subfield code="a">v.</subfield></datafield><datafield ind1=" " ind2=" " tag="310"><subfield code="a">Weekly</subfield></datafield><datafield ind1="0" ind2=" " tag="362"><subfield code="a">Vol. 44, no. 51 (Apr. 23, 1913)-v. 47 [no. 43] (Mar. 7, 1934).</subfield></datafield><datafield ind1=" " ind2=" " tag="515"><subfield code="a">Numbering is irregular.</subfield></datafield><datafield ind1=" " ind2="0" tag="651"><subfield code="a">Jonesboro (Ark.)</subfield><subfield code="v">Newspapers.</subfield></datafield><datafield ind1=" " ind2="7" tag="655"><subfield code="a">Newspapers.</subfield><subfield code="2">fast</subfield><subfield code="0">(OCoLC)fst01423814</subfield></datafield><datafield ind1=" " ind2="7" tag="651"><subfield code="a">Arkansas</subfield><subfield code="z">Jonesboro.</subfield><subfield code="2">fast</subfield><subfield code="0">(OCoLC)fst01216477</subfield></datafield><datafield ind1=" " ind2=" " tag="752"><subfield code="a">United States</subfield><subfield code="b">Arkansas</subfield><subfield code="c">Craighead</subfield><subfield code="d">Jonesboro.</subfield></datafield><datafield ind1="0" ind2=" " tag="775"><subfield code="t">Jonesboro evening sun</subfield><subfield code="w">(DLC)sn 89051169</subfield></datafield><datafield ind1="0" ind2="0" tag="780"><subfield code="t">Craighead County sun</subfield><subfield code="w">(DLC)sn 91050075</subfield></datafield><datafield ind1="0" ind2="0" tag="785"><subfield code="t">Monette weekly sun</subfield><subfield code="w">(DLC)sn 91050079</subfield></datafield></record>